<?xml version = "1.0" encoding = "UTF-8"?><OAI-PMH xmlns="http://www.openarchives.org/OAI/2.0/" xmlns:xsi="http://www.w3.org/2001/XMLSchema-instance" xsi:schemaLocation="http://www.openarchives.org/OAI/2.0/ http://www.openarchives.org/OAI/2.0/OAI-PMH.xsd"><ListRecords><record><header><identifier>aleph-publish:020721423</identifier></header><metadata><record xmlns="http://www.ddb.de/professionell/mabxml/mabxml-1.xsd"><leader>00000nM2.01200024------h</leader><controlfield tag="LDR">00000nM2.01200024------h</controlfield><controlfield tag="FMT">MH</controlfield><datafield tag="001" ind1="-" ind2="1"><subfield code="a">HT018577816</subfield></datafield><datafield tag="002" ind1="b" ind2="1"><subfield code="a">20150312</subfield></datafield><datafield tag="003" ind1="-" ind2="1"><subfield code="a">20210409093340.0</subfield></datafield><datafield tag="020" ind1="a" ind2="1"><subfield code="a">1066784469</subfield><subfield code="b">DNB</subfield></datafield><datafield tag="025" ind1="o" ind2="1"><subfield code="a">903695355</subfield></datafield><datafield tag="025" ind1="a" ind2="1"><subfield code="a">1066784469</subfield></datafield><datafield tag="026" ind1="-" ind2="1"><subfield code="a">DNB1066784469</subfield></datafield><controlfield tag="030">f||da||||||37</controlfield><datafield tag="036" ind1="a" ind2="1"><subfield code="a">XA-DE-HE</subfield></datafield><datafield tag="037" ind1="b" ind2="1"><subfield code="a">eng</subfield></datafield><controlfield tag="050">a|a|||||||||||</controlfield><controlfield tag="051">m|||||||</controlfield><datafield tag="064" ind1="a" ind2="1"><subfield code="a">Konferenzschrift</subfield><subfield code="9">(DE-588)1071861417</subfield><subfield code="y">2013</subfield><subfield code="z">Trondheim</subfield></datafield><datafield tag="070" ind1="-" ind2="1"><subfield code="a">Kn 28</subfield></datafield><datafield tag="070" ind1="a" ind2="1"><subfield code="a">DNB</subfield></datafield><datafield tag="080" ind1="-" ind2="1"><subfield code="a">60</subfield></datafield><datafield tag="100" ind1="b" ind2="1"><subfield code="p">Freudenberger-Lötz, Petra</subfield><subfield code="d">1966-</subfield><subfield code="b">[Hrsg.]</subfield><subfield code="9">(DE-588)128623454</subfield></datafield><datafield tag="101" ind1="-" ind2="1"><subfield code="p">Freudenberger, Petra</subfield><subfield code="d">1966-</subfield></datafield><datafield tag="101" ind1="-" ind2="1"><subfield code="p">Lötz, Petra Freudenberger-</subfield><subfield code="d">1966-</subfield></datafield><datafield tag="331" ind1="-" ind2="1"><subfield code="a">Children&apos;s voices</subfield></datafield><datafield tag="335" ind1="-" ind2="1"><subfield code="a">theological, philosophical and spiritual perspectives</subfield></datafield><datafield tag="410" ind1="-" ind2="1"><subfield code="a">Kassel</subfield></datafield><datafield tag="412" ind1="-" ind2="1"><subfield code="a">Univ. Pr.</subfield></datafield><datafield tag="425" ind1="-" ind2="1"><subfield code="a">2015</subfield></datafield><datafield tag="425" ind1="a" ind2="1"><subfield code="a">2015</subfield></datafield><datafield tag="433" ind1="-" ind2="1"><subfield code="a">167 S. : Ill., graph. Darst.</subfield></datafield><datafield tag="451" ind1="-" ind2="1"><subfield code="a">Beiträge zur Kinder und Jugendtheologie ; 32</subfield></datafield><datafield tag="453" ind1="-" ind2="1"><subfield code="a">HT015866379</subfield></datafield><datafield tag="455" ind1="-" ind2="1"><subfield code="a">32</subfield></datafield><datafield tag="456" ind1="-" ind2="1"><subfield code="a">32</subfield></datafield><datafield tag="536" ind1="-" ind2="1"><subfield code="a">201502</subfield></datafield><datafield tag="540" ind1="a" ind2="1"><subfield code="a">978-3-86219-922-8</subfield><subfield code="b">: EUR 29.00 (DE), EUR 29.90 (AT), sfr 39.90 (freier Pr.)</subfield></datafield><datafield tag="553" ind1="a" ind2="1"><subfield code="a">9783862199228</subfield></datafield><datafield tag="574" ind1="-" ind2="1"><subfield code="a">15,N08</subfield></datafield><datafield tag="655" ind1="e" ind2="1"><subfield code="m">X:MVB</subfield><subfield code="q">Basic ASCII</subfield><subfield code="u">http://www.upress.uni-kassel.de/katalog/abstract.php?978-3-86219-922-8</subfield><subfield code="3">Inhaltstext</subfield><subfield code="A">2</subfield></datafield><datafield tag="655" ind1="e" ind2="1"><subfield code="m">X:MVB</subfield><subfield code="q">text/html</subfield><subfield code="u">http://deposit.d-nb.de/cgi-bin/dokserv?id=5149860&amp;prov=M&amp;dok_var=1&amp;dok_ext=htm</subfield><subfield code="3">Inhaltstext</subfield><subfield code="A">2</subfield></datafield><datafield tag="655" ind1="e" ind2="1"><subfield code="m">B:DE-101</subfield><subfield code="q">application/pdf</subfield><subfield code="u">http://digitale-objekte.hbz-nrw.de/storage2/2015/04/19/file_17/6104525.pdf</subfield><subfield code="3">Inhaltsverzeichnis</subfield><subfield code="A">2</subfield></datafield><datafield tag="700" ind1="-" ind2="1"><subfield code="a">200</subfield><subfield code="2">DNB</subfield></datafield><datafield tag="720" ind1="-" ind2="1"><subfield code="a">Book</subfield><subfield code="2">Produktform</subfield></datafield><datafield tag="720" ind1="-" ind2="1"><subfield code="a">children</subfield></datafield><datafield tag="720" ind1="-" ind2="1"><subfield code="a">theology</subfield></datafield><datafield tag="720" ind1="-" ind2="1"><subfield code="a">philosophy</subfield></datafield><datafield tag="720" ind1="-" ind2="1"><subfield code="a">congress</subfield></datafield><datafield tag="720" ind1="-" ind2="1"><subfield code="a">research project</subfield></datafield><datafield tag="720" ind1="-" ind2="1"><subfield code="a">spiritualtity</subfield></datafield><datafield tag="720" ind1="-" ind2="1"><subfield code="a">1540: Hardcover, Softcover / Religion/Theologie</subfield><subfield code="2">VLB-WN</subfield></datafield><datafield tag="902" ind1="-" ind2="1"><subfield code="s">Kindertheologie</subfield><subfield code="9">(DE-588)7671722-7</subfield></datafield><datafield tag="907" ind1="-" ind2="1"><subfield code="s">Kind</subfield><subfield code="9">(DE-588)4030550-8</subfield></datafield><datafield tag="907" ind1="-" ind2="1"><subfield code="s">Philosophie</subfield><subfield code="9">(DE-588)4045791-6</subfield></datafield><controlfield tag="SYS">020721423</controlfield><datafield tag="LOW" ind1="-" ind2="1"><subfield code="a">B4009</subfield></datafield><datafield tag="957" ind1="-" ind2="1"><subfield code="s">Kindheit</subfield></datafield><datafield tag="957" ind1="-" ind2="1"><subfield code="s">Kindesalter</subfield></datafield><datafield tag="957" ind1="-" ind2="1"><subfield code="s">Kindschaft</subfield></datafield><datafield tag="957" ind1="-" ind2="1"><subfield code="s">Kinder</subfield></datafield><datafield tag="957" ind1="-" ind2="1"><subfield code="s">Philosophieren</subfield></datafield><datafield tag="088" ind1=" " ind2=" "><subfield code="a">294/21</subfield><subfield code="b">00021000</subfield><subfield code="c">P VI C 897</subfield><subfield code="e">keine ILL</subfield></datafield><datafield tag="088" ind1=" " ind2=" "><subfield code="a">290</subfield><subfield code="b">F_ZB</subfield><subfield code="c">Bt 12565</subfield><subfield code="e">ILL Kopie+Ausl.</subfield></datafield><datafield tag="088" ind1=" " ind2=" "><subfield code="a">Kn 28</subfield><subfield code="b">MAG</subfield><subfield code="c">Faf 8937</subfield><subfield code="e">Normalausleihe</subfield></datafield></record></metadata></record></ListRecords></OAI-PMH>